@ARTICLE{bes10,
   author = {{Bessell}, M.~S. and {Schmidt}, B.~P.},
    title = "{Supernova 2010el in NGC 1566}",
  journal = {Central Bureau Electronic Telegrams},
     year = 2010,
    month = jun,
   volume = 2337,
    pages = {1},
   adsurl = {http://adsabs.harvard.edu/abs/2010CBET.2337....1B},
  adsnote = {Provided by the SAO/NASA Astrophysics Data System}
}

@ARTICLE{fol08,
   author = {{Foley}, R.~J. and {Wright}, N.},
    title = "{Supernova 2008ha in UGC 12682}",
  journal = {Central Bureau Electronic Telegrams},
     year = 2008,
    month = nov,
   volume = 1576,
    pages = {1},
   adsurl = {http://adsabs.harvard.edu/abs/2008CBET.1576....1F},
  adsnote = {Provided by the SAO/NASA Astrophysics Data System}
}

@ARTICLE{fol09,
   author = {{Foley}, R.~J. and {Chornock}, R. and {Filippenko}, A.~V. and 
	{Ganeshalingam}, M. and {Kirshner}, R.~P. and {Li}, W. and {Cenko}, S.~B. and 
	{Challis}, P.~J. and {Friedman}, A.~S. and {Modjaz}, M. and 
	{Silverman}, J.~M. and {Wood-Vasey}, W.~M.},
   title = "{SN 2008ha: An Extremely Low Luminosity and Exceptionally Low Energy Supernova}",
   journal = {\aj},
   archivePrefix = "arXiv",
   eprint = {0902.2794},
   primaryClass = "astro-ph.CO",
   keywords = {galaxies: individual: UGC 12682, supernovae: general, supernovae: individual: SN 1991bj SN 2002cx SN 2004gw SN 2006hn SN 2007J SN 2008ha},
   year = 2009,
   month = aug,
   volume = 138,
   pages = {376-391},
   doi = {10.1088/0004-6256/138/2/376},
   adsurl = {http://adsabs.harvard.edu/abs/2009AJ....138..376F},
   adsnote = {Provided by the SAO/NASA Astrophysics Data System}
}

@ARTICLE{fol1001,
   author = {{Foley}, R.~J. and {Brown}, P.~J. and {Rest}, A. and {Challis}, P.~J. and 
	{Kirshner}, R.~P. and {Wood-Vasey}, W.~M.},
   title = "{Early- and Late-Time Observations of SN 2008ha: Additional Constraints for the Progenitor and Explosion}",
   journal = {\apjl},
   archivePrefix = "arXiv",
   eprint = {0912.0732},
   primaryClass = "astro-ph.SR",
   keywords = {supernovae: general, supernovae: individual: SN 2008ha},
   year = 2010,
   month = jan,
   volume = 708,
   pages = {L61-L65},
   doi = {10.1088/2041-8205/708/1/L61},
   adsurl = {http://adsabs.harvard.edu/abs/2010ApJ...708L..61F},
   adsnote = {Provided by the SAO/NASA Astrophysics Data System}
}

@ARTICLE{fol1011,
   author = {{Foley}, R.~J. and {Rest}, A. and {Stritzinger}, M. and {Pignata}, G. and 
	{Anderson}, J.~P. and {Hamuy}, M. and {Morrell}, N.~I. and {Phillips}, M.~M. and 
	{Salgado}, F.},
   title = "{On the Progenitor and Supernova of the SN 2002cx-like Supernova 2008ge}",
   journal = {\aj},
   archivePrefix = "arXiv",
   eprint = {1008.0635},
   primaryClass = "astro-ph.CO",
   keywords = {astrometry, stars: evolution, supernovae: general, supernovae: individual: SN 2008ge},
   year = 2010,
   month = nov,
   volume = 140,
   pages = {1321-1328},
   doi = {10.1088/0004-6256/140/5/1321},
   adsurl = {http://adsabs.harvard.edu/abs/2010AJ....140.1321F},
   adsnote = {Provided by the SAO/NASA Astrophysics Data System}
}

 @ARTICLE{fol1304,
   author = {{Foley}, R.~J. and {Challis}, P.~J. and {Chornock}, R. and {Ganeshalingam}, M. and 
	{Li}, W. and {Marion}, G.~H. and {Morrell}, N.~I. and {Pignata}, G. and 
	{Stritzinger}, M.~D. and {Silverman}, J.~M. and {Wang}, X. and 
	{Anderson}, J.~P. and {Filippenko}, A.~V. and {Freedman}, W.~L. and 
	{Hamuy}, M. and {Jha}, S.~W. and {Kirshner}, R.~P. and {McCully}, C. and 
	{Persson}, S.~E. and {Phillips}, M.~M. and {Reichart}, D.~E. and 
	{Soderberg}, A.~M.},
   title = "{Type Iax Supernovae: A New Class of Stellar Explosion}",
   journal = {\apj},
   archivePrefix = "arXiv",
   eprint = {1212.2209},
   primaryClass = "astro-ph.SR",
   keywords = {supernovae: general, supernovae: individual: SN 1991bj SN 1999ax SN 2002bp SN 2002cx SN 2003gq SN 2004cs SN 2004gw SN 2005P SN 2005cc SN 2005hk SN 2006hn SN 2007J SN 2007ie SN 2007qd SN 2008A SN 2008ae SN 2008ge SN 2008ha SN 2009J SN 2009ku SN 2010ae SN 2010el SN 2011ay SN 2011ce SN 2012Z},
   year = 2013,
   month = apr,
   volume = 767,
   eid = {57},
   pages = {57},
   doi = {10.1088/0004-637X/767/1/57},
   adsurl = {http://adsabs.harvard.edu/abs/2013ApJ...767...57F},
   adsnote = {Provided by the SAO/NASA Astrophysics Data System}
}

@ARTICLE{fol1305,
   author = {{Foley}, R.~J. and {Kirshner}, R.~P.},
    title = "{Metallicity Differences in Type Ia Supernova Progenitors Inferred from Ultraviolet Spectra}",
  journal = {\apjl},
archivePrefix = "arXiv",
   eprint = {1302.4479},
 primaryClass = "astro-ph.SR",
 keywords = {supernovae: general, supernovae: individual: SN 2011by SN 2011fe},
     year = 2013,
    month = may,
   volume = 769,
      eid = {L1},
    pages = {L1},
      doi = {10.1088/2041-8205/769/1/L1},
   adsurl = {http://adsabs.harvard.edu/abs/2013ApJ...769L...1F},
  adsnote = {Provided by the SAO/NASA Astrophysics Data System}
}


@ARTICLE{fol1409,
   author = {{Foley}, R.~J. and {McCully}, C. and {Jha}, S.~W. and {Bildsten}, L. and 
	{Fong}, W.-f. and {Narayan}, G. and {Rest}, A. and {Stritzinger}, M.~D.},
   title = "{Possible Detection of the Stellar Donor or Remnant for the Type Iax Supernova 2008ha}",
   journal = {\apj},
   archivePrefix = "arXiv",
   eprint = {1408.1091},
   primaryClass = "astro-ph.HE",
   keywords = {galaxies: individual: UGC 12682, supernovae: general, supernovae: individual: SN 2008ha},
   year = 2014,
   month = sep,
   volume = 792,
   eid = {29},
   pages = {29},
   doi = {10.1088/0004-637X/792/1/29},
   adsurl = {http://adsabs.harvard.edu/abs/2014ApJ...792...29F},
   adsnote = {Provided by the SAO/NASA Astrophysics Data System}
}

@ARTICLE{gonz14,
   author = {{Gonz{\'a}lez-Gait{\'a}n}, S. and {Hsiao}, E.~Y. and {Pignata}, G. and 
	{F{\"o}rster}, F. and {Guti{\'e}rrez}, C.~P. and {Bufano}, F. and 
	{Galbany}, L. and {Folatelli}, G. and {Phillips}, M.~M. and 
	{Hamuy}, M. and {Anderson}, J.~P. and {de Jaeger}, T.},
   title = "{Defining Photometric Peculiar Type Ia Supernovae}",
   journal = {\apj},
   archivePrefix = "arXiv",
   eprint = {1409.4811},
   primaryClass = "astro-ph.HE",
   keywords = {cosmology: miscellaneous, supernovae: general },
   year = 2014,
   month = nov,
   volume = 795,
   eid = {142},
   pages = {142},
   doi = {10.1088/0004-637X/795/2/142},
   adsurl = {http://adsabs.harvard.edu/abs/2014ApJ...795..142G},
   adsnote = {Provided by the SAO/NASA Astrophysics Data System}
}

@ARTICLE{krom13,
   author = {{Kromer}, M. and {Fink}, M. and {Stanishev}, V. and {Taubenberger}, S. and 
	{Ciaraldi-Schoolman}, F. and {Pakmor}, R. and {R{\"o}pke}, F.~K. and 
	{Ruiter}, A.~J. and {Seitenzahl}, I.~R. and {Sim}, S.~A. and 
	{Blanc}, G. and {Elias-Rosa}, N. and {Hillebrandt}, W.},
   title = "{3D deflagration simulations leaving bound remnants: a model for 2002cx-like Type Ia supernovae}",
   journal = {\mnras},
   archivePrefix = "arXiv",
   eprint = {1210.5243},
   primaryClass = "astro-ph.HE",
   keywords = {hydrodynamics, radiative transfer, methods: numerical, techniques: spectroscopic, supernovae: individual: SN 2005hk},
   year = 2013,
   month = mar,
   volume = 429,
   pages = {2287-2297},
   doi = {10.1093/mnras/sts498},
   adsurl = {http://adsabs.harvard.edu/abs/2013MNRAS.429.2287K},
   adsnote = {Provided by the SAO/NASA Astrophysics Data System}
}

@ARTICLE{li03,
   author = {{Li}, W. and {Filippenko}, A.~V. and {Chornock}, R. and {Berger}, E. and 
	{Berlind}, P. and {Calkins}, M.~L. and {Challis}, P. and {Fassnacht}, C. and 
	{Jha}, S. and {Kirshner}, R.~P. and {Matheson}, T. and {Sargent}, W.~L.~W. and 
	{Simcoe}, R.~A. and {Smith}, G.~H. and {Squires}, G.},
   title = "{SN 2002cx: The Most Peculiar Known Type Ia Supernova}",
   journal = {\pasp},
   eprint = {astro-ph/0301428},
   keywords = {Stars: Supernovae: General, Stars: Supernovae: Individual: Alphanumeric: SN 1991T, Stars: Supernovae: Individual: Alphanumeric: SN 1991bg, Stars: Supernovae: Individual: Alphanumeric: SN 1994D, Stars: Supernovae: Individual: Alphanumeric: SN 1997br, supernovae: individual (SN 1999ac), supernovae: individual (SN 2000cx), supernovae: individual (SN 2002cx)},
   year = 2003,
   month = apr,
   volume = 115,
   pages = {453-473},
   doi = {10.1086/374200},
   adsurl = {http://adsabs.harvard.edu/abs/2003PASP..115..453L},
   adsnote = {Provided by the SAO/NASA Astrophysics Data System}
}

@ARTICLE{ly13,
   author = {{Lyman}, J.~D. and {James}, P.~A. and {Perets}, H.~B. and {Anderson}, J.~P. and 
	{Gal-Yam}, A. and {Mazzali}, P. and {Percival}, S.~M.},
   title = "{Environment-derived constraints on the progenitors of low-luminosity Type I supernovae}",
   journal = {\mnras},
   archivePrefix = "arXiv",
   eprint = {1306.2474},
   primaryClass = "astro-ph.SR",
   keywords = {supernovae: general},
   year = 2013,
   month = sep,
   volume = 434,
   pages = {527-541},
   doi = {10.1093/mnras/stt1038},
   adsurl = {http://adsabs.harvard.edu/abs/2013MNRAS.434..527L},
   adsnote = {Provided by the SAO/NASA Astrophysics Data System}
}

@ARTICLE{mcc0514,
   author = {{McCully}, C. and {Jha}, S.~W. and {Foley}, R.~J. and {Chornock}, R. and 
	{Holtzman}, J.~A. and {Balam}, D.~D. and {Branch}, D. and {Filippenko}, A.~V. and 
	{Frieman}, J. and {Fynbo}, J. and {Galbany}, L. and {Ganeshalingam}, M. and 
	{Garnavich}, P.~M. and {Graham}, M.~L. and {Hsiao}, E.~Y. and 
	{Leloudas}, G. and {Leonard}, D.~C. and {Li}, W. and {Riess}, A.~G. and 
	{Sako}, M. and {Schneider}, D.~P. and {Silverman}, J.~M. and 
	{Sollerman}, J. and {Steele}, T.~N. and {Thomas}, R.~C. and 
	{Wheeler}, J.~C. and {Zheng}, C.},
   title = "{Hubble Space Telescope and Ground-based Observations of the Type Iax Supernovae SN 2005hk and SN 2008A}",
   journal = {\apj},
   archivePrefix = "arXiv",
   eprint = {1309.4457},
   primaryClass = "astro-ph.SR",
   keywords = {supernovae: general, supernovae: individual: SN 2002cx SN 2005hk SN 2008A},
   year = 2014,
   month = may,
   volume = 786,
   eid = {134},
   pages = {134},
   doi = {10.1088/0004-637X/786/2/134},
   adsurl = {http://adsabs.harvard.edu/abs/2014ApJ...786..134M},
   adsnote = {Provided by the SAO/NASA Astrophysics Data System}
}

@ARTICLE{mcc0814,
   author = {{McCully}, C. and {Jha}, S.~W. and {Foley}, R.~J. and {Bildsten}, L. and 
	{Fong}, W.-F. and {Kirshner}, R.~P. and {Marion}, G.~H. and 
	{Riess}, A.~G. and {Stritzinger}, M.~D.},
   title = "{A luminous, blue progenitor system for the type Iax supernova 2012Z}",
   journal = {\nat},
   archivePrefix = "arXiv",
   eprint = {1408.1089},
   primaryClass = "astro-ph.SR",
   year = 2014,
   month = aug,
   volume = 512,
   pages = {54-56},
   doi = {10.1038/nature13615},
   adsurl = {http://adsabs.harvard.edu/abs/2014Natur.512...54M},
   adsnote = {Provided by the SAO/NASA Astrophysics Data System}
}

@ARTICLE{mon10,
   author = {{Monard}, L.~A.~G.},
    title = "{Supernova 2010el in NGC 1566}",
  journal = {Central Bureau Electronic Telegrams},
     year = 2010,
    month = jun,
   volume = 2334,
    pages = {1},
   adsurl = {http://adsabs.harvard.edu/abs/2010CBET.2334....1M},
  adsnote = {Provided by the SAO/NASA Astrophysics Data System}
}

@ARTICLE{olm14,
   author = {{Olmstead}, M.~D. and {Brown}, P.~J. and {Sako}, M. and {Bassett}, B. and 
	{Bizyaev}, D. and {Brinkmann}, J. and {Brownstein}, J.~R. and 
	{Brewington}, H. and {Campbell}, H. and {D'Andrea}, C.~B. and 
	{Dawson}, K.~S. and {Ebelke}, G.~L. and {Frieman}, J.~A. and 
	{Galbany}, L. and {Garnavich}, P. and {Gupta}, R.~R. and {Hlozek}, R. and 
	{Jha}, S.~W. and {Kunz}, M. and {Lampeitl}, H. and {Malanushenko}, E. and 
	{Malanushenko}, V. and {Marriner}, J. and {Miquel}, R. and {Montero-Dorta}, A.~D. and 
	{Nichol}, R.~C. and {Oravetz}, D.~J. and {Pan}, K. and {Schneider}, D.~P. and 
	{Simmons}, A.~E. and {Smith}, M. and {Snedden}, S.~A.},
    title = "{Host Galaxy Spectra and Consequences for Supernova Typing from the SDSS SN Survey}",
    journal = {\aj},
   archivePrefix = "arXiv",
   eprint = {1308.6818},
   primaryClass = "astro-ph.CO",
   keywords = {cosmology: observations, supernovae: general, surveys },
   year = 2014,
   month = apr,
   volume = 147,
   eid = {75},
   pages = {75},
   doi = {10.1088/0004-6256/147/4/75},
   adsurl = {http://adsabs.harvard.edu/abs/2014AJ....147...75O},
  adsnote = {Provided by the SAO/NASA Astrophysics Data System}
}

@ARTICLE{pig08,
   author = {{Pignata}, G. and {Maza}, J. and {Hamuy}, M. and {Antezana}, R. and 
	{Gonzalez}, L. and {Gonzalez}, P. and {Lopez}, P. and {Silva}, S. and 
	{Folatelli}, G. and {Iturra}, D. and {Cartier}, R. and {Forster}, F. and 
	{Conuel}, B. and {Reichart}, D. and {Ivarsen}, K. and {Crain}, A. and 
	{Foster}, D. and {Nysewander}, M. and {Lacluyze}, A.},
    title = "{Supernova 2008ge in NGC 1527}",
  journal = {Central Bureau Electronic Telegrams},
     year = 2008,
    month = oct,
   volume = 1531,
    pages = {1},
   adsurl = {http://adsabs.harvard.edu/abs/2008CBET.1531....1P},
  adsnote = {Provided by the SAO/NASA Astrophysics Data System}
}

@ARTICLE{pig10,
   author = {{Pignata}, G. and {Cifuentes}, M. and {Maza}, J. and {Hamuy}, M. and 
	{Antezana}, R. and {Gonzalez}, L. and {Gonzalez}, P. and {Lopez}, P. and 
	{Silva}, S. and {Folatelli}, G. and {Cartier}, R. and {Forster}, F. and 
	{Marchi}, S. and {Rojas}, A. and {Conuel}, B. and {Reichart}, D. and 
	{Ivarsen}, K. and {Haislip}, J. and {Crain}, A. and {Foster}, D. and 
	{Nysewander}, M. and {Lacluyze}, A.},
    title = "{Supernova 2010ae in ESO 162-17}",
  journal = {Central Bureau Electronic Telegrams},
     year = 2010,
    month = feb,
   volume = 2184,
    pages = {1},
   adsurl = {http://adsabs.harvard.edu/abs/2010CBET.2184....1P},
  adsnote = {Provided by the SAO/NASA Astrophysics Data System}
}

@ARTICLE{pri08
   author = {{Prieto}, J.~L. and {Stanek}, K.~Z. and {Beacom}, J.~F.},
    title = "{Characterizing Supernova Progenitors via the Metallicities of their Host Galaxies, from Poor Dwarfs to Rich Spirals}",
   journal = {\apj},
   archivePrefix = "arXiv",
   eprint = {0707.0690},
   keywords = {Stars: Supernovae: General},
   year = 2008,
   month = feb,
   volume = 673,
   pages = {999-1008},
   doi = {10.1086/524654},
   adsurl = {http://adsabs.harvard.edu/abs/2008ApJ...673..999P},
   adsnote = {Provided by the SAO/NASA Astrophysics Data System}
}

@ARTICLE{pro11,
   author = {{Prochaska Chamberlain}, L.~C. and {Courteau}, S. and {McDonald}, M. and 
	{Rose}, J.~A.},
    title = "{Stellar population trends in S0 galaxies}",
  journal = {\mnras},
archivePrefix = "arXiv",
   eprint = {1010.1247},
 primaryClass = "astro-ph.CO",
 keywords = {galaxies: elliptical and lenticular, cD, galaxies: evolution, galaxies: formation, galaxies: photometry},
     year = 2011,
    month = mar,
   volume = 412,
    pages = {423-447},
      doi = {10.1111/j.1365-2966.2010.17910.x},
   adsurl = {http://adsabs.harvard.edu/abs/2011MNRAS.412..423P},
  adsnote = {Provided by the SAO/NASA Astrophysics Data System}
}

@ARTICLE{puc08,
   author = {{Puckett}, T. and {Moore}, C. and {Newton}, J. and {Orff}, T.
	},
    title = "{Supernova 2008ha in UGC 12682}",
  journal = {Central Bureau Electronic Telegrams},
     year = 2008,
    month = nov,
   volume = 1567,
    pages = {1},
   adsurl = {http://adsabs.harvard.edu/abs/2008CBET.1567....1P},
  adsnote = {Provided by the SAO/NASA Astrophysics Data System}
}

@ARTICLE{str1003,
   author = {{Stritzinger}, M. and {Phillips}, M.~M. and {Folatelli}, G. and 
	{Foley}, R.~J.},
    title = "{Supernova 2010ae in ESO 162-17}",
  journal = {Central Bureau Electronic Telegrams},
     year = 2010,
    month = mar,
   volume = 2191,
    pages = {1},
   adsurl = {http://adsabs.harvard.edu/abs/2010CBET.2191....1S},
  adsnote = {Provided by the SAO/NASA Astrophysics Data System}
}

@ARTICLE{str1401,
   author = {{Stritzinger}, M.~D. and {Hsiao}, E. and {Valenti}, S. and {Taddia}, F. and 
	{Rivera-Thorsen}, T.~J. and {Leloudas}, G. and {Maeda}, K. and 
	{Pastorello}, A. and {Phillips}, M.~M. and {Pignata}, G. and 
	{Baron}, E. and {Burns}, C.~R. and {Contreras}, C. and {Folatelli}, G. and 
	{Hamuy}, M. and {H{\"o}flich}, P. and {Morrell}, N. and {Prieto}, J.~L. and 
	{Benetti}, S. and {Campillay}, A. and {Haislip}, J.~B. and {LaClutze}, A.~P. and 
	{Moore}, J.~P. and {Reichart}, D.~E.},
   title = "{Optical and near-IR observations of the faint and fast 2008ha-like supernova 2010ae}",
   journal = {\aap},
   archivePrefix = "arXiv",
   eprint = {1311.4525},
   primaryClass = "astro-ph.HE",
   keywords = {supernovae: general, supernovae: individual: SN 2008ha, supernovae: individual: SN 2010ae},
   year = 2014,
   month = jan,
   volume = 561,
   eid = {A146},
   pages = {A146},
   doi = {10.1051/0004-6361/201322889},
   adsurl = {http://adsabs.harvard.edu/abs/2014A%26A...561A.146S},
   adsnote = {Provided by the SAO/NASA Astrophysics Data System}
}

@ARTICLE{str1408,
   author = {{Stritzinger}, M.~D. and {Valenti}, S. and {Hoeflich}, P. and 
	{Baron}, E. and {Phillips}, M.~M. and {Taddia}, F. and {Foley}, R.~J. and 
	{Hsiao}, E.~Y. and {Jha}, S.~W. and {McCully}, C. and {Pandya}, V. and 
	{Simon}, J.~D. and {Benetti}, S. and {Brown}, P.~J. and {Burns}, C.~R. and 
	{Campillay}, A. and {Contreras}, C. and {Forster}, F. and {Holmbo}, S. and 
	{Marion}, G.~H. and {Morrell}, N. and {Pignata}, G.},
   title = "{Comprehensive Observations of the Bright and Energetic Type Iax SN 2012Z: Interpretation as a Chandrasekhar Mass White Dwarf Explosion}",
   journal = {ArXiv e-prints},
   archivePrefix = "arXiv",
   eprint = {1408.1093},
   primaryClass = "astro-ph.HE",
   keywords = {Astrophysics - High Energy Astrophysical Phenomena, Astrophysics - Solar and Stellar Astrophysics},
   year = 2014,
   month = aug,
   adsurl = {http://adsabs.harvard.edu/abs/2014arXiv1408.1093S},
   adsnote = {Provided by the SAO/NASA Astrophysics Data System}
}

@ARTICLE{tak95,
   author = {{Takamiya}, M. and {Kron}, R.~G. and {Kron}, G.~E.},
    title = "{Photoelectric Photometry of Zwicky Galaxies}",
  journal = {\aj},
 keywords = {GALAXIES: PHOTOMETRY, CATALOGS},
     year = 1995,
    month = sep,
   volume = 110,
    pages = {1083},
      doi = {10.1086/117588},
   adsurl = {http://adsabs.harvard.edu/abs/1995AJ....110.1083T},
  adsnote = {Provided by the SAO/NASA Astrophysics Data System}
}

@ARTICLE{tim03,
   author = {{Timmes}, F.~X. and {Brown}, E.~F. and {Truran}, J.~W.},
   title = "{On Variations in the Peak Luminosity of Type Ia Supernovae}",
   journal = {\apjl},
   eprint = {astro-ph/0305114},
   keywords = {Galaxies: Abundances, Galaxies: Evolution, Nuclear Reactions, Nucleosynthesis, Abundances, Stars: Abundances, Stars: Supernovae: General},
   year = 2003,
   month = jun,
   volume = 590,
   pages = {L83-L86},
   doi = {10.1086/376721},
   adsurl = {http://adsabs.harvard.edu/abs/2003ApJ...590L..83T},
   adsnote = {Provided by the SAO/NASA Astrophysics Data System}
}

@ARTICLE{val09,
   author = {{Valenti}, S. and {Pastorello}, A. and {Cappellaro}, E. and 
	{Benetti}, S. and {Mazzali}, P.~A. and {Manteca}, J. and {Taubenberger}, S. and 
	{Elias-Rosa}, N. and {Ferrando}, R. and {Harutyunyan}, A. and 
	{Hentunen}, V.~P. and {Nissinen}, M. and {Pian}, E. and {Turatto}, M. and 
	{Zampieri}, L. and {Smartt}, S.~J.},
    title = "{A low-energy core-collapse supernova without a hydrogen envelope}",
  journal = {\nat},
archivePrefix = "arXiv",
   eprint = {0901.2074},
 primaryClass = "astro-ph.SR",
     year = 2009,
    month = jun,
   volume = 459,
    pages = {674-677},
      doi = {10.1038/nature08023},
   adsurl = {http://adsabs.harvard.edu/abs/2009Natur.459..674V},
  adsnote = {Provided by the SAO/NASA Astrophysics Data System}
}

@ARTICLE{van92,
   author = {{van Dyk}, S.~D.},
    title = "{Association of supernovae with recent star formation regions in late type galaxies}",
  journal = {\aj},
 keywords = {Galactic Evolution, H Ii Regions, Star Formation, Supernovae, Astronomical Photometry, Charge Coupled Devices, Galactic Nuclei, Wolf-Rayet Stars},
     year = 1992,
    month = jun,
   volume = 103,
    pages = {1788-1803},
      doi = {10.1086/116195},
   adsurl = {http://adsabs.harvard.edu/abs/1992AJ....103.1788V},
  adsnote = {Provided by the SAO/NASA Astrophysics Data System}
}

@BOOK{vau91,
   author = {{de Vaucouleurs}, G. and {de Vaucouleurs}, A. and {Corwin}, Jr., H.~G. and 
		{Buta}, R.~J. and {Paturel}, G. and {Fouqu{\'e}}, P.},
   title = "{Third Reference Catalogue of Bright Galaxies. Volume I: Explanations and references. 
		Volume II: Data for galaxies between 0$^{h}$ and 12$^{h}$. 
		Volume III: Data for galaxies between 12$^{h}$ and 24$^{h}$.}",
   booktitle = {Third Reference Catalogue of Bright Galaxies.
		~Volume I: Explanations and references.
		~ Volume II: Data for galaxies between 0$^{h}$ and 12$^{h}$.
		~ Volume III: Data for galaxies between 12$^{h}$ and 24$^{h}$., 
		by de Vaucouleurs, G.; de Vaucouleurs, A.; Corwin, H.~G., Jr.; Buta, R.~J.; Paturel, G.; Fouqu{\'e},P..
		~Springer, New York, NY (USA), 1991, 2091 p., ISBN 0-387-97552-7, Price US\$ 198.00.
		~ISBN 3-540-97552-7, Price DM 448.00.~ISBN 0-387-97549-7 (Vol.
		~I), ISBN 0-387-97550-0 (Vol.~II), ISBN 0-387-97551-9 (Vol.~III).},
   year = 1991,
   adsurl = {http://adsabs.harvard.edu/abs/1991rc3..book.....D}, 
   adsnote = {Provided by the SAO/NASA Astrophysics Data System}
}
